@article{bos2010numerical,
  title={Numerical simulations of flapping foil and wing aerodynamics: Mesh deformation using radial basis functions},
  author={Bos, Frank Martijn},
  year={2010}
}
@book{bogaers2010reduced,
	title={Reduced order modelling techniques for mesh movement strategies as applied to fluid structure interactions},
	author={Bogaers, Alfred EJ and Kok, S and Malan, AG},
	year={2010}
}

@article{rahman2008application,
	title={Application of finite volume method for solving fluid structure interaction problem},
	author={Rahman, Mahbubur and others},
	year={2008},
	publisher={Department of Mathematics, BUET}
}